<?xml version="1.0" encoding="UTF-8"?><record xmlns="http://www.loc.gov/MARC21/slim" xmlns:cinclude="http://apache.org/cocoon/include/1.0" xmlns:zs="http://www.loc.gov/zing/srw/">
  <leader>00611cz  a2200181n  4500</leader>
  <controlfield tag="001">n  85310552 </controlfield>
  <controlfield tag="003">DLC</controlfield>
  <controlfield tag="005">20080613075322.0</controlfield>
  <controlfield tag="008">860418n| acannaabn          |a aaa     c</controlfield>
  <datafield tag="010" ind1=" " ind2=" ">
    <subfield code="a">n  85310552 </subfield>
  </datafield>
  <datafield tag="035" ind1=" " ind2=" ">
    <subfield code="a">(OCoLC)oca01561394</subfield>
  </datafield>
  <datafield tag="040" ind1=" " ind2=" ">
    <subfield code="a">InU</subfield>
    <subfield code="b">eng</subfield>
    <subfield code="c">DLC</subfield>
    <subfield code="d">DLC</subfield>
    <subfield code="d">OCoLC</subfield>
  </datafield>
  <datafield tag="100" ind1="1" ind2=" ">
    <subfield code="a">Pavone, Francisco,</subfield>
    <subfield code="d">1569-1637</subfield>
  </datafield>
  <datafield tag="400" ind1="1" ind2=" ">
    <subfield code="a">Pavonius, Franciscus,</subfield>
    <subfield code="d">1569-1637</subfield>
  </datafield>
  <datafield tag="400" ind1="1" ind2=" ">
    <subfield code="a">Pavone, Francesco,</subfield>
    <subfield code="d">1569-1637</subfield>
  </datafield>
  <datafield tag="670" ind1=" " ind2=" ">
    <subfield code="a">His Summa ethicae, 1620:</subfield>
    <subfield code="b">t.p. (... Francisco Pavonio)</subfield>
  </datafield>
  <datafield tag="670" ind1=" " ind2=" ">
    <subfield code="a">Encic. univ. ilus.</subfield>
    <subfield code="b">(Pavone, Francisco; Italian Jesuit; 1569-1637)</subfield>
  </datafield>
  <datafield tag="670" ind1=" " ind2=" ">
    <subfield code="a">NUC pre-1956</subfield>
    <subfield code="b">(Pavone, Francesco, 1569-1637)</subfield>
  </datafield>
</record>